
@online{ionic_vs_native_vs_fluter,
  title      = {Ionic vs. React Native vs. Flutter: What’s Best for 2023?},
  url        = {https://medium.com/@nautilustechlabs/ionic-vs-react-native-vs-flutter-whats-best-for-2023-a8ae061d5542},
  shorttitle = {Ionic vs. React Native vs. Flutter},
  abstract   = {Introduction:},
  titleaddon = {Medium},
  author     = {Techlabs, Nautilus},
  urldate    = {2024-03-29},
  date       = {2024-03-08},
  langid     = {english}
}

@online{airbnb,
  title      = {Cómo desarrolla aplicaciones nativas Airbnb ahora que Airbnb-React es Vintage},
  url        = {https://platzi.com/blog/como-hace-aplicaciones-nativas-airbnb/},
  abstract   = {A casi dos meses de anunciar el adios a React Native, Airbnb presentó el estado y avance del desarrollo móvil nativo en su evento{\textless}a href=},
  titleaddon = {Platzi},
  urldate    = {2024-03-29},
  langid     = {spanish}
}

@online{react_native_vs_ionic,
  title      = {React Native vs. Ionic},
  url        = {https://blog.logrocket.com/react-native-vs-ionic/},
  abstract   = {Compare Ionic and React Native based on app size, native {APIs}, and debugging, and build a demo app to evaluate their development processes.},
  titleaddon = {{LogRocket} Blog},
  author     = {Ravichandran, Adhithi},
  urldate    = {2024-03-27},
  date       = {2023-02-08}
}

@online{node_js,
  title      = {Por qué usar {NodeJS} como Backend para su Aplicación},
  url        = {https://www.sier-online.com/blog/por-que-usar-nodejs-como-backend-para-su-aplicacion},
  abstract   = {¡El siguiente artículo discutirá todos sus beneficios y características en detalle para que pueda tomar una decisión informada al elegir un framework para su desarrollo de back -end!},
  titleaddon = {sier-online.com},
  urldate    = {2024-03-27}
}

@online{why_spring_boot,
  title    = {Por qué {DEBES} usar Spring Boot en tus proyectos {JAVA} - //Arteco},
  url      = {https://www.arteco-consulting.com/post/por-que-debes-usar-spring-boot},
  abstract = {Spring Boot es el {FRAMEWORK} {WEB} más usado de {JAVA}. Utilizado por miles de empresas en grandes y complejas aplicaciones críticas},
  urldate  = {2024-03-27},
  langid   = {spanish}
}

@online{spring_boot_framework,
  title      = {Qué es Spring Boot: conoce este framework{\textbar} Tokio},
  url        = {https://www.tokioschool.com/noticias/spring-boot/},
  shorttitle = {Qué es Spring Boot},
  abstract   = {En este artículo te contamos qué es y para qué se usa Spring Boot, fundamental para algunos desarrollos back-end. ¡Descúbrelo!},
  titleaddon = {Tokio School},
  author     = {Fernández, Esteban Canle},
  urldate    = {2024-03-27},
  date       = {2022-10-25},
  langid     = {spanish}
}

@online{microservicios_java,
  title    = {▷ Guía completa para implementar microservicios en Java},
  url      = {https://aprenderjava.net/base/guia-completa-para-implementar-microservicios-en-java/},
  abstract = {Descubre cómo implementar microservicios en Java de manera eficiente y efectiva con esta guía completa. Aprende las mejores prácticas y herramientas.},
  author   = {Jiménez, Santiago},
  urldate  = {2024-03-27},
  date     = {2023-08-27},
  langid   = {american}
}

@online{web_vs_nativas_vs_hibridas,
  title      = {Aplicaciones web vs. aplicaciones nativas vs. aplicaciones híbridas},
  url        = {https://blogthinkbig.com/aplicaciones-web-nativas-hibridas},
  abstract   = {Uno de los pilares del método científico es el conocido como “Navaja de Ockham” y postula que, en igualdad de condiciones, la explicación o solución más sencilla suele ser la correcta. Sin embargo, no debemos … Aplicaciones web vs. aplicaciones nativas vs. aplicaciones híbridas Leer más »},
  titleaddon = {Blogthinkbig.com},
  author     = {Gutierrez, Alfonso Fernández},
  urldate    = {2024-03-27},
  date       = {2013-02-20},
  langid     = {spanish}
}

@online{nativas_vs_web_vs_hibridas,
  title      = {¿Qué son las aplicaciones nativas, web e híbridas?},
  url        = {https://www.esdesignbarcelona.com/actualidad/diseno-web/apps-nativas-vs-hibridas},
  abstract   = {Cada vez son más las empresas que apuestan por tener sus propias aplicaciones. Puede tratarse de una o varias, o con diversos tipos, en función de lo que cuest...},
  titleaddon = {{ESDESIGN}},
  urldate    = {2024-03-27},
  langid     = {spanish}
}

@online{spring_boot,
  title      = {¿Qué es Spring Boot?},
  url        = {https://blog.codmind.com/que-es-spring-boot/},
  abstract   = {Spring nace de la complejidad que se tenía que hacer a la hora de crear proyectos java enterprise edition, los {EJBeans} eran muy complejos y la forma en que se  realizaba el despliegue del proyecto era muy engorroso.},
  titleaddon = {Codmind},
  urldate    = {2023-04-12},
  date       = {2021-03-17},
  langid     = {spanish}
}

@online{nosql,
  title      = {Explicación Sobre Las Bases De Datos {NoSQL}},
  url        = {https://www.mongodb.com/es/nosql-explained},
  abstract   = {{NoSQL} describes the wide variety of database technologies created to address the shortcomings of {RDBMS} and the demands of modern software development.},
  titleaddon = {{MongoDB}},
  urldate    = {2023-03-28},
  langid     = {spanish}
}

@online{sql,
  title    = {¿Qué es una base de datos relacional?},
  url      = {https://www.oracle.com/co/database/what-is-a-relational-database/},
  abstract = {Descubre qué es una base de datos relacional y cómo puede ayudar a tu empresa.},
  urldate  = {2023-03-28},
  langid   = {spanish}
}

@online{stats_ios_android,
  title      = {Mobile Operating System Market Share Worldwide},
  url        = {https://gs.statcounter.com/os-market-share/mobile/worldwide},
  abstract   = {This graph shows the market share of mobile operating systems worldwide based on over 5 billion monthly page views.},
  titleaddon = {{StatCounter} Global Stats},
  urldate    = {2022-12-07},
  langid     = {english}
}

@online{turismo,
  title      = {El turismo dejará más de 2.200 millones en Asturias por el récord de visitantes},
  url        = {https://www.elcomercio.es/asturias/turismo-dejara-2200-20190801001307-ntvo.html},
  abstract   = {El Gobierno regional prevé batir los registros de 2017, cuando el sector alcanzó el 10,73\% del {VAB} con 2.209 millones},
  titleaddon = {El Comercio},
  urldate    = {2022-12-07},
  date       = {2019-08-01},
  langid     = {spanish}
}

@online{couchbase,
  title      = {Couchbase: Best {NoSQL} Cloud Database Service},
  url        = {https://www.couchbase.com/},
  shorttitle = {Couchbase},
  abstract   = {Couchbase is the {NoSQL} cloud database platform for business-critical and {AI}-powered applications. Uncompromised speed, versatility, affordability, and ease of use for building modern, {AI}-powered applications. ✓ Learn more.},
  titleaddon = {Couchbase Website},
  urldate    = {2024-04-01},
  langid     = {american}
}

@online{mongodb,
  title      = {¿Qué Es {MongoDB}?},
  url        = {https://www.mongodb.com/es/what-is-mongodb},
  abstract   = {{MongoDB} es una base de datos de documentos que ofrece una gran escalabilidad y flexibilidad, así como un modelo de consultas e indexación avanzado.},
  titleaddon = {{MongoDB}},
  urldate    = {2024-04-01},
  langid     = {spanish}
}

@online{mern,
  title      = {{MERN} Stack: Qué es y qué ventajas ofrece},
  url        = {https://openwebinars.net/blog/mern-stack-que-es-y-que-ventajas-ofrece/},
  shorttitle = {{MERN} Stack},
  abstract   = {En este artículo te explicamos a fondo qué es {MERN} Stack, las ventajas que ofrece respecto a otras opciones y cuándo deberías usarlo en tus desarrollos.},
  titleaddon = {{OpenWebinars}.net},
  urldate    = {2024-04-01},
  date       = {2020-10-21},
  langid     = {spanish}
}

@online{manfred2023,
  title      = {Salarios en tecnología 2023 [España]},
  url        = {https://www.getmanfred.com/blog/salarios-en-tecnologia-2023-espana},
  shorttitle = {Salarios en tecnología 2023},
  abstract   = {Este artículo proporciona un análisis detallado de los salarios en el sector tecnológico en España para el año 2023.},
  titleaddon = {GetManfred},
  urldate    = {2024-05-29},
  date       = {2023-08-31},
  author     = {Antonio Rodríguez},
  langid     = {spanish}
}